<?xml version="1.0" encoding="UTF-8"?><collection xmlns="http://www.loc.gov/MARC21/slim"><record><leader>00634nam--2200181-i-4500</leader><controlfield tag="001">000014348</controlfield><controlfield tag="002">20161230</controlfield><controlfield tag="005">20161230201030</controlfield><controlfield tag="008">060222s1000------------r-----000-0-fre-d</controlfield><datafield ind1=" " ind2=" " tag="040"><subfield code="a">IFIN-HH</subfield></datafield><datafield ind1=" " ind2=" " tag="041"><subfield code="a">fre</subfield></datafield><datafield ind1=" " ind2=" " tag="080"><subfield code="a">539.231(043)</subfield></datafield><datafield ind1="1" ind2=" " tag="100"><subfield code="a">Bugnet, Pierre</subfield></datafield><datafield ind1=" " ind2=" " tag="245"><subfield code="a">Synthese des sulfures de zinc et de cadmium par pulverisation cathodique reactive. structure cristalline en fonction des conditions de preparation. etude du seuil d'absorption optique fondamentale</subfield><subfield code="b">These</subfield><subfield code="c">Pierre bugnet</subfield></datafield><datafield ind1=" " ind2=" " tag="260"><subfield code="a">Poitiers</subfield><subfield code="b">Universite</subfield><subfield code="c">1979</subfield></datafield><datafield ind1=" " ind2=" " tag="300"><subfield code="a">100 P.+XXX PLANCHE</subfield></datafield><datafield ind1=" " ind2=" " tag="852"><subfield code="a">70614</subfield><subfield code="c">539.23</subfield></datafield><datafield ind1=" " ind2=" " tag="CAT"><subfield code="a">Sys</subfield><subfield code="c">20121218</subfield><subfield code="h">165213</subfield></datafield></record></collection>